@article{eizirik2002analisis,
  title={An{\'a}lisis de la viabilidad de las poblaciones de jaguar: evaluaci{\'o}n de par{\'a}metros y estudios de caso en tres poblaciones remanentes del sur de Sudam{\'e}rica},
  author={Eizirik, Eduardo and Indrusiak, Cibele B and Johnson, Warren E},
  journal={El jaguar en el nuevo milenio},
  pages={501--518},
  year={2002},
  publisher={Fondo de Cultura Econ{\'o}mica, Universidad Nacional Aut{\'o}noma de M{\'e}xico~…},
  url={https://www.researchgate.net/profile/Warren_Johnson3/publication/281315879_Analisis_de_viabilidad_de_las_poblaciones_de_jaguar_Evaluacion_de_parametros_y_estudios_de_case_en_tres_poblaciones_remanentes_del_sur_de_Sudamerica/links/60edb64b0859317dbddcf14e/Analisis-de-viabilidad-de-las-poblaciones-de-jaguar-Evaluacion-de-parametros-y-estudios-de-case-en-tres-poblaciones-remanentes-del-sur-de-Sudamerica.pdf}
}
@article{schiaffino2011plan,
  title={Plan de Acci{\'o}n para la Conservaci{\'o}n de la Poblaci{\'o}n de Yaguaret{\'e} (Panthera onca) del Corredor Verde de Misiones},
  author={Schiaffino, K and De Angelo, C and Di Bitetti, M and Paviolo, A and Jaramillo, M and Rinas, M and Bertrand, AS and Gil y Carb{\'o}, G and Cichero, P},
  journal={Subcomisi{\'o}n Selva Paranaense. Ministerio de Ecolog{\'i}a y Recursos Renovables de Misiones--Administraci{\'o}n de Parques Nacionales--Instituto de Biolog{\'i}a Subtropical-Fundaci{\'o}n Vida Silvestre Argentina--Red Yaguaret{\'e}, Puerto Iguaz{\'u}},
  year={2011},
  url={http://awsassets.wwfar.panda.org/downloads/plan_accion_yaguarete.pdf},
}
@misc{deangelo2011evaluacion,
  title={Evaluaci{\'o}n de la aptitud del h{\'a}bitat para la reintroducci{\'o}n del yaguaret{\'e} en la cuenca del Iber{\'a}},
  author={De Angelo, Carlos},
  year={2011},
  publisher={Conservation Land Trust, Puerto Iguaz{\'u}, Argentina},
  url={https://rewildingargentina.org/library/EVALUACI0N-DE-LA-APTITUD-DEL-HABITAT.pdf},
}
@online{redyaguarete2016celo,
  title={Celo y reproducción},
  author={{Red Yaguareté}},
  year={2016},
  url={https://redyaguarete.org.ar/el-yaguarete/celo-y-reproduccion/},
}
@online{redyaguarete2016elyaguarete,
  title={El Yaguareté - Panthera onca},
  author={{Red Yaguareté}},
  year={2016},
  url={https://redyaguarete.org.ar/el-yaguarete/},
}
